00595cas a22002291a 4500
001 999315183502836
003 Nz
005 20161223153135.0
008 040112d19591959nz  r ne      0   0 eng  
035    $a (NLNZils)931518
035    $a (Nz)8181354
035    $a (NLNZils)931518-ilsdb
035    $a (OCoLC)173422677
040    $a NZNB $c NZNB
042    $a nznb
043    $a u-nz---
245 00 $a Pukekohe advocate.
260    $a [Pukekohe, N.Z. : $b s.n., $c 1959]
310    $a Weekly
362 0  $a 1959 Jul.22-1959 Sep.2
651  0 $a Pukekohe (N.Z.) $v Newspapers.
655  7 $a New Zealand newspapers. $2 local $5 Nz
